@article{schmid2010dmd, title={Dynamic mode decomposition of numerical and experimental data}, volume={656}, DOI={10.1017/S0022112010001217}, journal={Journal of Fluid Mechanics}, publisher={Cambridge University Press}, author={SCHMID, PETER J.}, year={2010}, pages={5â€“28}}

@article{brunton2016sindy,
  title={Discovering governing equations from data by sparse identification of nonlinear dynamical systems},
  author={Brunton, Steven L and Proctor, Joshua L and Kutz, J Nathan},
  journal={Proceedings of the national academy of sciences},
  volume={113},
  number={15},
  pages={3932--3937},
  year={2016},
  publisher={National Acad Sciences}
}
@article{tu2013dmd,
  title={On dynamic mode decomposition: Theory and applications},
  author={Tu, Jonathan H and Rowley, Clarence W and Luchtenburg, Dirk M and Brunton, Steven L and Kutz, J Nathan},
  journal={arXiv preprint arXiv:1312.0041},
  year={2013}
}
@article{tibshirani1994lasso,
  title={Regression Shrinkage and Selection Via the Lasso},
  author={Robert Tibshirani},
  journal={JOURNAL OF THE ROYAL STATISTICAL SOCIETY, SERIES B},
  volume={58},
  year={1994},
  pages = {267-288}
}