@article{ks,
  title={Diffusion-induced chaos in reaction systems},
  author={Kuramoto, Yoshiki},
  journal={Progress of Theoretical Physics Supplement},
  volume={64},
  pages={346--367},
  year={1978},
  publisher={Narnia}
}
@book{brunton2019data,
  title={Data-driven science and engineering: Machine learning, dynamical systems, and control},
  author={Brunton, Steven L and Kutz, J Nathan},
  year={2019},
  publisher={Cambridge University Press}
}
@article{kingma2014adam,
  title={Adam: A method for stochastic optimization},
  author={Kingma, Diederik P and Ba, Jimmy},
  journal={arXiv preprint arXiv:1412.6980},
  year={2014}
}