@article{zou2005elasticnet,
  title={Regularization and Variable Selection via the Elastic Net},
  author={Hui Zou, Trevor Hastie},
  journal={Journal of the Royal Statistical Society. Series B (Statistical Methodology)},
  volume={67},
  year={2005}
}

@article{lecun1998mnist,
  title={Gradient-Based Learning Applied to Document Recognition},
  author={Y. LeCun, L. Bottou, Y. Bengio, P. Haffner},
  journal={Proceedings of the IEEE},
  volume={86},
  year={1998}
}

@article{tibshirani1994lasso,
  title={Regression Shrinkage and Selection Via the Lasso},
  author={Robert Tibshirani},
  journal={JOURNAL OF THE ROYAL STATISTICAL SOCIETY, SERIES B},
  volume={58},
  year={1994},
  pages = {267-288}
}

@article{hoerl1970ridge,
  added-at = {2009-01-29T03:39:09.000+0100},
  author = {Hoerl, A. E. and Kennard, R. W.},
  biburl = {https://www.bibsonomy.org/bibtex/2257711fd5e6222fce40b8fbcb66a906a/swpark81},
  interhash = {6468748d5b4b1f5d02107b4c131e9ea6},
  intrahash = {257711fd5e6222fce40b8fbcb66a906a},
  journal = {Technometrics},
  keywords = {ridge-regg},
  pages = {55--67},
  timestamp = {2009-01-29T03:40:48.000+0100},
  title = {Ridge Regression: Biased
        Estimation for Nonorthogonal Problems},
  volume = 12,
  year = 1970
}
